<record><leader>00000cas a22000007a 4500</leader><controlfield tag="001">18187132</controlfield><controlfield tag="008">880708d18801uuunyuwr ne      0    0eng d</controlfield><datafield ind1=" " ind2=" " tag="010"><subfield code="a">sn 88074263 </subfield></datafield><datafield ind1=" " ind2=" " tag="040"><subfield code="a">NYS</subfield><subfield code="b">eng</subfield><subfield code="c">NYS</subfield><subfield code="d">OCLCQ</subfield></datafield><datafield ind1=" " ind2=" " tag="042"><subfield code="a">msc</subfield></datafield><datafield ind1="0" ind2="4" tag="245"><subfield code="a">The Ontario press.</subfield></datafield><datafield ind1=" " ind2=" " tag="260"><subfield code="a">Ontario, N.Y. :</subfield><subfield code="b">G.W. Tummonds</subfield></datafield><datafield ind1=" " ind2=" " tag="300"><subfield code="a">v.</subfield></datafield><datafield ind1=" " ind2=" " tag="310"><subfield code="a">Weekly</subfield></datafield><datafield ind1="1" ind2=" " tag="362"><subfield code="a">Began in 1880.</subfield></datafield><datafield ind1=" " ind2=" " tag="588"><subfield code="a">Description based on: Vol. 2, no. 9 (Feb. 12, 1880).</subfield></datafield><datafield ind1=" " ind2="4" tag="651"><subfield code="a">Ontario (N.Y.)</subfield><subfield code="v">Newspapers.</subfield></datafield><datafield ind1=" " ind2=" " tag="752"><subfield code="a">United States</subfield><subfield code="b">New York</subfield><subfield code="c">Wayne</subfield><subfield code="d">Ontario.</subfield></datafield><datafield ind1="0" ind2="0" tag="780"><subfield code="t">Lake shore press</subfield><subfield code="w">(DLC)sn 88074255</subfield></datafield><datafield ind1="1" ind2=" " tag="029"><subfield code="a">AU@</subfield><subfield code="b">000020517330</subfield></datafield></record>